@phdthesis{pyle2012,
title = Optimizing the design and analysis of cryogenic semiconductor dark matter detectors for maximum sensitivity,
author = Matt Pyle,
year = 2012,
department = Physics,
school = University of California at Berkeley
}
